@article{olins1974spheroid,
  title={Spheroid chromatin units ($\nu$ bodies)},
  author={Olins, Ada L and Olins, Donald E},
  journal={Science},
  volume={183},
  number={4122},
  pages={330--332},
  year={1974},
  publisher={American Association for the Advancement of Science},
  doi={10.1126/science.183.4122.330}
}

@article{kornberg1974chromatin,
  title={Chromatin structure: a repeating unit of histones and DNA},
  author={Kornberg, Roger D},
  journal={Science},
  volume={184},
  number={4139},
  pages={868--871},
  year={1974},
  publisher={American Association for the Advancement of Science},
  doi={10.1126/science.184.4139.868}
}

@article{berger2007complex,
  title={The complex language of chromatin regulation during transcription},
  author={Berger, Shelley L},
  journal={Nature},
  volume={447},
  number={7143},
  pages={407--412},
  year={2007},
  publisher={Nature Publishing Group},
  doi={10.1038/nature05915}
}

@article{groth2007chromatin,
  title={Chromatin challenges during DNA replication and repair},
  author={Groth, Anja and Rocha, Walter and Verreault, Alain and Almouzni, Genevieve},
  journal={Cell},
  volume={128},
  number={4},
  pages={721--733},
  year={2007},
  publisher={Elsevier},
  doi={10.1016/j.cell.2007.01.030}
}

@article{klose2007regulation,
  title={Regulation of histone methylation by demethylimination and demethylation},
  author={Klose, Robert J and Zhang, Yi},
  journal={Nature reviews Molecular cell biology},
  volume={8},
  number={4},
  pages={307--318},
  year={2007},
  publisher={Nature Publishing Group}, 
  doi={10.1038/nrm2143}
}


@article{kouzarides2007chromatin,
  title={Chromatin modifications and their function},
  author={Kouzarides, Tony},
  journal={Cell},
  volume={128},
  number={4},
  pages={693--705},
  year={2007},
  publisher={Elsevier}, 
  doi={10.1016/j.cell.2007.02.005}
}

@article{grunstein1997histone,
  title={Histone acetylation in chromatin structure and transcription},
  author={Grunstein, Michael},
  journal={Nature},
  volume={389},
  number={6649},
  pages={349--352},
  year={1997},
  publisher={Nature Publishing Group},
  doi={10.1038/38664}
}

@article{bird1999methylation,
  title={Methylation-induced repressionâ€”belts, braces, and chromatin},
  author={Bird, Adrian P and Wolffe, Alan P},
  journal={Cell},
  volume={99},
  number={5},
  pages={451--454},
  year={1999},
  publisher={Elsevier},
  doi={10.1016/S0092-8674(00)81532-9}
}

@article{creyghton2010histone,
  title={Histone H3K27ac separates active from poised enhancers and predicts developmental state},
  author={Creyghton, Menno P and Cheng, Albert W and Welstead, G Grant and Kooistra, Tristan and Carey, Bryce W and Steine, Eveline J and Hanna, Jacob and Lodato, Michael A and Frampton, Garrett M and Sharp, Phillip A and others},
  journal={Proceedings of the National Academy of Sciences},
  volume={107},
  number={50},
  pages={21931--21936},
  year={2010},
  publisher={National Acad Sciences}, 
  doi={10.1073/pnas.1016071107}
}

@article{prigent2003phosphorylation,
  title={Phosphorylation of serine 10 in histone H3, what for?},
  author={Prigent, Claude and Dimitrov, Stefan},
  journal={Journal of cell science},
  volume={116},
  number={18},
  pages={3677--3685},
  year={2003},
  publisher={The Company of Biologists Ltd},
  doi={10.1242/jcs.00735}
}

@article{rea2000regulation,
  title={Regulation of chromatin structure by site-specific histone H3 methyltransferases},
  author={Rea, Stephen and Eisenhaber, Frank and O'Carroll, D{\'o}nal and Strahl, Brian D and Sun, Zu-Wen and Schmid, Manfred and Opravil, Susanne and Mechtler, Karl and Ponting, Chris P and Allis, C David and others},
  journal={Nature},
  volume={406},
  number={6796},
  pages={593--599},
  year={2000},
  publisher={Nature Publishing Group}, 
  doi={10.1038/35020506}
}

@article{rando2012combinatorial,
  title={Combinatorial complexity in chromatin structure and function: revisiting the histone code},
  author={Rando, Oliver J},
  journal={Current opinion in genetics \& development},
  volume={22},
  number={2},
  pages={148--155},
  year={2012},
  publisher={Elsevier}, 
  doi={10.1016/j.gde.2012.02.013}
}


@article{jenuwein2001translating,
  title={Translating the histone code},
  author={Jenuwein, Thomas and Allis, C David},
  journal={Science},
  volume={293},
  number={5532},
  pages={1074--1080},
  year={2001},
  publisher={American Association for the Advancement of Science}, 
  doi={10.1126/science.1063127}
}

@article{goldberg2007epigenetics,
  title={Epigenetics: a landscape takes shape},
  author={Goldberg, Aaron D and Allis, C David and Bernstein, Emily},
  journal={Cell},
  volume={128},
  number={4},
  pages={635--638},
  year={2007},
  publisher={Elsevier}, 
  doi={10.1016/j.cell.2007.02.006}
}

@article{castellano2013r,
  title={R loops are linked to histone H3 S10 phosphorylation and chromatin condensation},
  author={Castellano-Pozo, Maikel and Santos-Pereira, Jos{\'e} M and Rond{\'o}n, Ana G and Barroso, Sonia and And{\'u}jar, Eloisa and P{\'e}rez-Alegre, M{\'o}nica and Garc{\'\i}a-Muse, Tatiana and Aguilera, Andr{\'e}s},
  journal={Molecular cell},
  volume={52},
  number={4},
  pages={583--590},
  year={2013},
  publisher={Elsevier}, 
  doi={10.1016/j.molcel.2013.10.006}
}

@article{fazzio2010condensin,
  title={Condensin complexes regulate mitotic progression and interphase chromatin structure in embryonic stem cells},
  author={Fazzio, Thomas G and Panning, Barbara},
  journal={The Journal of cell biology},
  volume={188},
  number={4},
  pages={491--503},
  year={2010},
  publisher={Rockefeller Univ Press}, 
  doi={10.1083/jcb.200908026}
}

@article{prakash2012abinary,
  title={A binary combinatorial histone code},
  author={Kirti Prakash},
  journal ={Aalto University},
  volume={Master thesis},
  number={},
  pages={},
  year={2012},
  publisher={}
}

@article{prakash2016periodic,
  title={The periodic and dynamic structure of chromatin},
  author={Prakash, Kirti},
  journal ={Heidelberg University},
  volume={Phd thesis},
  year={2016}, 
  doi={10.11588/heidok.00021825}
}

@article{prakash2015superresolution,
  title={Superresolution imaging reveals structurally distinct periodic patterns of chromatin along pachytene chromosomes},
  author={Prakash, Kirti and Fournier, David and Redl, Stefan and Best, Gerrit and Borsos, M{\'a}t{\'e} and Tiwari, Vijay K and Tachibana-Konwalski, Kiku{\"e} and Ketting, Ren{\'e} F and Parekh, Sapun H and Cremer, Christoph and others},
  journal={Proceedings of the National Academy of Sciences},
  volume={112},
  number={47},
  pages={14635--14640},
  year={2015},
  publisher={National Acad Sciences}, 
  doi={10.1073/pnas.1516928112}
}

@article{Bowtie,
  title={Ultrafast and memory-efficient alignment of short DNA sequences to the human genome},
  author={Langmead, B. and Trapnell, C. and Pop, M. and Salzberg, S.L.},
  journal={Genome Biol},
  volume={10},
  number={3},
  pages={R25},
  year={2009}, 
  doi={10.1186/gb-2009-10-3-r25}
}

@article{nps,
  title={Identifying positioned nucleosomes with epigenetic marks in human from ChIP-Seq},
  author={Zhang, Y. and Shin, H. and Song, J. and Lei, Y. and Liu, X.S.},
  journal={BMC genomics},
  volume={9},
  number={1},
  pages={537},
  year={2008},
  publisher={BioMed Central Ltd}, 
  doi={10.1186/1471-2164-9-537}
}

@article{barski,
  title={High-resolution profiling of histone methylations in the human genome},
  author={Barski, A. and Cuddapah, S. and Cui, K. and Roh, T.Y. and Schones, D.E. and Wang, Z. and Wei, G. and Chepelev, I. and Zhao, K.},
  journal={Cell},
  volume={129},
  number={4},
  pages={823--837},
  year={2007},
  publisher={Elsevier}, 
  doi={10.1016/j.cell.2007.05.009}
}

@article{wang1,
  title={Combinatorial patterns of histone acetylations and methylations in the human genome},
  author={Wang, Z. and Zang, C. and Rosenfeld, J.A. and Schones, D.E. and Barski, A. and Cuddapah, S. and Cui, K. and Roh, T.Y. and Peng, W. and Zhang, M.Q. and others},
  journal={Nature genetics},
  volume={40},
  number={7},
  pages={897--903},
  year={2008},
  publisher={Nature Publishing Group}, 
  doi={10.1038/ng.154}
}

@article{wang2,
  title={Genome-wide mapping of HATs and HDACs reveals distinct functions in active and inactive genes},
  author={Wang, Z. and Zang, C. and Cui, K. and Schones, D.E. and Barski, A. and Peng, W. and Zhao, K.},
  journal={Cell},
  volume={138},
  number={5},
  pages={1019--1031},
  year={2009},
  publisher={Elsevier}, 
  doi={10.1016/j.cell.2009.06.049}
}


@article{schones,
  title={Dynamic regulation of nucleosome positioning in the human genome},
  author={Schones, D.E. and Cui, K. and Cuddapah, S. and Roh, T.Y. and Barski, A. and Wang, Z. and Wei, G. and Zhao, K.},
  journal={Cell},
  volume={132},
  number={5},
  pages={887--898},
  year={2008},
  publisher={Elsevier}, 
  doi={10.1016/j.cell.2008.02.022}
}

@article{boettiger2016super,
  title={Super-resolution imaging reveals distinct chromatin folding for different epigenetic states},
  author={Boettiger, Alistair N and Bintu, Bogdan and Moffitt, Jeffrey R and Wang, Siyuan and Beliveau, Brian J and Fudenberg, Geoffrey and Imakaev, Maxim and Mirny, Leonid A and Wu, Chao-ting and Zhuang, Xiaowei},
  journal={Nature},
  volume={529},
  number={7586},
  pages={418--422},
  year={2016},
  publisher={Nature Publishing Group}, 
  doi={10.1038/nature16496}
}

@article{buard2009distinct,
  title={Distinct histone modifications define initiation and repair of meiotic recombination in the mouse},
  author={Buard, J{\'e}r{\^o}me and Barth{\`e}s, Pauline and Grey, Corinne and de Massy, Bernard},
  journal={The EMBO journal},
  volume={28},
  number={17},
  pages={2616--2624},
  year={2009},
  publisher={EMBO Press}, 
  doi={10.1038/emboj.2009.207}
}

@article{fortin2015reconstructing,
  title={Reconstructing A/B compartments as revealed by Hi-C using long-range correlations in epigenetic data},
  author={Fortin, Jean-Philippe and Hansen, Kasper D},
  journal={Genome biology},
  volume={16},
  number={1},
  pages={1},
  year={2015},
  publisher={BioMed Central}, 
  doi={10.1186/s13059-015-0741-y}
}


@article{rao20143d,
  title={A 3D map of the human genome at kilobase resolution reveals principles of chromatin looping},
  author={Rao, Suhas SP and Huntley, Miriam H and Durand, Neva C and Stamenova, Elena K and Bochkov, Ivan D and Robinson, James T and Sanborn, Adrian L and Machol, Ido and Omer, Arina D and Lander, Eric S and others},
  journal={Cell},
  volume={159},
  number={7},
  pages={1665--1680},
  year={2014},
  publisher={Elsevier}, 
  doi={10.1016/j.cell.2014.11.021}
}


@article{hansen2008model,
  title={A model for transmission of the H3K27me3 epigenetic mark},
  author={Hansen, Klaus H and Bracken, Adrian P and Pasini, Diego and Dietrich, Nikolaj and Gehani, Simmi S and Monrad, Astrid and Rappsilber, Juri and Lerdrup, Mads and Helin, Kristian},
  journal={Nature cell biology},
  volume={10},
  number={11},
  pages={1291--1300},
  year={2008},
  publisher={Nature Publishing Group}, 
  doi={10.1038/ncb1787}
}



@article{margueron2005key,
  title={The key to development: interpreting the histone code?},
  author={Margueron, Raphael and Trojer, Patrick and Reinberg, Danny},
  journal={Current opinion in genetics \& development},
  volume={15},
  number={2},
  pages={163--176},
  year={2005},
  publisher={Elsevier}, 
  doi={10.1016/j.gde.2005.01.005}
}

@article{strahl2000language,
  title={The language of covalent histone modifications},
  author={Strahl, Brian D and Allis, C David},
  journal={Nature},
  volume={403},
  number={6765},
  pages={41--45},
  year={2000},
  publisher={Nature Publishing Group}, 
  doi={10.1038/47412}
}


@article{zurek2016quantitative,
  title={Quantitative super-resolution localization microscopy of DNA in situ using Vybrant{\textregistered} DyeCycle Violet fluorescent probe},
  author={{\.Z}urek-Biesiada, Dominika and Szczurek, Aleksander T and Prakash, Kirti and Best, Gerrit and Mohana, Giriram K and Lee, Hyun-Keun and Roignant, Jean-Yves and Dobrucki, Jurek W and Cremer, Christoph and Birk, Udo},
  journal={Data in Brief},
  volume={7},
  pages={157--171},
  year={2016},
  publisher={Elsevier}, 
  doi={10.1016/j.dib.2016.01.041}
}

@article{zurek2016localization,
  title={Localization microscopy of DNA in situ using Vybrant{\textregistered} DyeCycleâ„¢ Violet fluorescent probe: A new approach to study nuclear nanostructure at single molecule resolution},
  author={{\.Z}urek-Biesiada, Dominika and Szczurek, Aleksander T and Prakash, Kirti and Mohana, Giriram K and Lee, Hyun-Keun and Roignant, Jean-Yves and Birk, Udo J and Dobrucki, Jurek W and Cremer, Christoph},
  journal={Experimental cell research},
  volume={343},
  number={2},
  pages={97--106},
  year={2016},
  publisher={Elsevier}, 
  doi={10.1016/j.yexcr.2015.08.020}
}

@article{kirmes2015transient,
  title={A transient ischemic environment induces reversible compaction of chromatin},
  author={Kirmes, Ina and Szczurek, Aleksander and Prakash, Kirti and Charapitsa, Iryna and Heiser, Christina and Musheev, Michael and Schock, Florian and Fornalczyk, Karolina and Ma, Dongyu and Birk, Udo and others},
  journal={Genome biology},
  volume={16},
  number={1},
  pages={1--19},
  year={2015},
  publisher={Springer}, 
  doi={10.1186/s13059-015-0802-2}
}

@article{szczurek2014single,
  title={Single molecule localization microscopy of the distribution of chromatin using Hoechst and DAPI fluorescent probes},
  author={Szczurek, Aleksander T and Prakash, Kirti and  Lee, Hyun-Keun and {\.Z}urek-Biesiada, Dominika J and Best, Gerrit and Hagmann, Martin and Dobrucki, Jurek W and Cremer, Christoph and Birk, Udo},
  journal={Nucleus},
  volume={5},
  number={4},
  pages={331--340},
  year={2014},
  publisher={Taylor \& Francis}, 
  doi={10.4161/nucl.29564}
}


@article{bisig2012synaptonemal,
  title={Synaptonemal complex components persist at centromeres and are required for homologous centromere pairing in mouse spermatocytes},
  author={Bisig, C Gaston and Guiraldelli, Michel F and Kouznetsova, Anna and Scherthan, Harry and H{\"o}{\"o}g, Christer and Dawson, Dean S and Pezza, Roberto J},
  journal={PLoS Genet},
  volume={8},
  number={6},
  pages={e1002701--e1002701},
  year={2012}, 
  doi={10.1371/journal.pgen.1002701}
}


@article{baudat2010prdm9,
  title={PRDM9 is a major determinant of meiotic recombination hotspots in humans and mice},
  author={Baudat, F and Buard, J and Grey, C and Fledel-Alon, A and Ober, C and Przeworski, M and Coop, G and De Massy, B},
  journal={Science},
  volume={327},
  number={5967},
  pages={836--840},
  year={2010},
  publisher={American Association for the Advancement of Science}, 
  doi={10.1126/science.1183439}
}

@article{baudat2013meiotic,
  title={Meiotic recombination in mammals: localization and regulation},
  author={Baudat, Fr{\'e}d{\'e}ric and Imai, Yukiko and de Massy, Bernard},
  journal={Nature Reviews Genetics},
  volume={14},
  number={11},
  pages={794--806},
  year={2013},
  publisher={Nature Publishing Group}, 
  doi={10.1038/nrg3573}
}

@article{heng1996regulation,
  title={Regulation of meiotic chromatin loop size by chromosomal position},
  author={Heng, HH and Chamberlain, John W and Shi, Xiao-Mei and Spyropoulos, Barbara and Tsui, Lap-Chee and Moens, Peter B},
  journal={Proceedings of the National Academy of Sciences},
  volume={93},
  number={7},
  pages={2795--2800},
  year={1996},
  publisher={National Acad Sciences}
  }
  
  @article{rivera2014histone,
  title={Histone lysine methylation and chromatin replication},
  author={Rivera, Carlos and Gurard-Levin, Zachary A and Almouzni, Genevi{\`e}ve and Loyola, Alejandra},
  journal={Biochimica et Biophysica Acta (BBA)-Gene Regulatory Mechanisms},
  volume={1839},
  number={12},
  pages={1433--1439},
  year={2014},
  publisher={Elsevier},
  doi={10.1016/j.bbagrm.2014.03.009}
}


@article{arthur2014evolution,
  title={Evolution of H3K27me3-marked chromatin is linked to gene expression evolution and to patterns of gene duplication and diversification},
  author={Arthur, Robert K and Ma, Lijia and Slattery, Matthew and Spokony, Rebecca F and Ostapenko, Alexander and N{\`e}gre, Nicolas and White, Kevin P},
  journal={Genome research},
  volume={24},
  number={7},
  pages={1115--1124},
  year={2014},
  publisher={Cold Spring Harbor Lab}, 
  doi={10.1101/gr.162008.113}
}


@article{termolino2016insights,
  title={Insights into epigenetic landscape of recombination-free regions},
  author={Termolino, Pasquale and Cremona, Gaetana and Consiglio, Maria Federica and Conicella, Clara},
  journal={Chromosoma},
  volume={125},
  number={2},
  pages={301--308},
  year={2016},
  publisher={Springer}, 
  doi={10.1007/s00412-016-0574-9}
}

@article{cremer20154d,
  title={The 4D nucleome: Evidence for a dynamic nuclear landscape based on co-aligned active and inactive nuclear compartments},
  author={Cremer, Thomas and Cremer, Marion and H{\"u}bner, Barbara and Strickfaden, Hilmar and Smeets, Daniel and Popken, Jens and Sterr, Michael and Markaki, Yolanda and Rippe, Karsten and Cremer, Christoph},
  journal={FEBS Letters},
  year={2015},
  publisher={Elsevier}, 
  doi={10.1016/j.febslet.2015.05.037}
}


@article{cremer2004higher,
  title={Higher order chromatin architecture in the cell nucleus: on the way from structure to function},
  author={Cremer, Thomas and K{\"u}pper, Katrin and Dietzel, Steffen and Fakan, Stanislav},
  journal={Biology of the Cell},
  volume={96},
  number={8},
  pages={555--567},
  year={2004},
  publisher={Elsevier}, 
  doi={10.1016/j.biolcel.2004.07.002}
}

@article{albiez2006chromatin,
  title={Chromatin domains and the interchromatin compartment form structurally defined and functionally interacting nuclear networks},
  author={Albiez, Heiner and Cremer, Marion and Tiberi, Cinzia and Vecchio, Lorella and Schermelleh, Lothar and Dittrich, Sandra and K{\"u}pper, Katrin and Joffe, Boris and Thormeyer, Tobias and von Hase, Johann and others},
  journal={Chromosome Research},
  volume={14},
  number={7},
  pages={707--733},
  year={2006},
  publisher={Springer}, 
  doi={10.1007/s10577-006-1086-x}
}

@article{lieberman2009comprehensive,
  title={Comprehensive mapping of long-range interactions reveals folding principles of the human genome},
  author={Lieberman-Aiden, Erez and van Berkum, Nynke L and Williams, Louise and Imakaev, Maxim and Ragoczy, Tobias and Telling, Agnes and Amit, Ido and Lajoie, Bryan R and Sabo, Peter J and Dorschner, Michael O and others},
  journal={science},
  volume={326},
  number={5950},
  pages={289--293},
  year={2009},
  publisher={American Association for the Advancement of Science}, 
  doi={10.1126/science.1181369}
}

@article{gall1963chromosome,
  title={Chromosome fibers from an interphase nucleus},
  author={Gall, Joseph},
  journal={Science},
  volume={139},
  number={3550},
  pages={120--121},
  year={1963},
  publisher={American Association for the Advancement of Science}, 
  doi={10.1126/science.139.3550.120}
}

@article{van1996determines,
  title={What determines the folding of the chromatin fiber?},
  author={Van Holde, Kensal and Zlatanova, Jordanka},
  journal={Proceedings of the National Academy of Sciences},
  volume={93},
  number={20},
  pages={10548--10555},
  year={1996},
  publisher={National Acad Sciences}
}

@article{zlatanova1999chromatin,
  title={Chromatin structure revisited},
  author={Zlatanova, Jordanka and Leuba, Sanford H and van Holde, Kensal},
  journal={Critical Reviewsâ„¢ in Eukaryotic Gene Expression},
  volume={9},
  number={3-4},
  year={1999},
  publisher={Begel House Inc.}
}

@article{rada2011unique,
  title={A unique chromatin signature uncovers early developmental enhancers in humans},
  author={Rada-Iglesias, A. and Bajpai, R. and Swigut, T. and Brugmann, S.A. and Flynn, R.A. and Wysocka, J.},
  journal={Nature},
  volume={470},
  number={7333},
  pages={279--283},
  year={2010},
  publisher={Nature Publishing Group}, 
  doi={10.1038/nature09692}
}