@article{gwosch2020minflux,
  title={MINFLUX nanoscopy delivers 3D multicolor nanometer resolution in cells},
  author={Gwosch, Klaus C and Pape, Jasmin K and Balzarotti, Francisco and Hoess, Philipp and Ellenberg, Jan and Ries, Jonas and Hell, Stefan W},
  journal={Nature methods},
  volume={17},
  number={2},
  pages={217--224},
  year={2020},
  publisher={Nature Publishing Group}
}

@article{huang2016ultra,
  title={Ultra-high resolution 3D imaging of whole cells},
  author={Huang, Fang and Sirinakis, George and Allgeyer, Edward S and Schroeder, Lena K and Duim, Whitney C and Kromann, Emil B and Phan, Thomy and Rivera-Molina, Felix E and Myers, Jordan R and Irnov, Irnov and others},
  journal={Cell},
  volume={166},
  number={4},
  pages={1028--1040},
  year={2016},
  publisher={Elsevier}
}

@article{zhang2015ultrahigh,
  title={Ultrahigh-throughput single-molecule spectroscopy and spectrally resolved super-resolution microscopy},
  author={Zhang, Zhengyang and Kenny, Samuel J and Hauser, Margaret and Li, Wan and Xu, Ke},
  journal={Nature methods},
  volume={12},
  number={10},
  pages={935--938},
  year={2015},
  publisher={Nature Publishing Group}
}

@article{hess2006ultra,
  title={Ultra-high resolution imaging by fluorescence photoactivation localization microscopy},
  author={Hess, Samuel T and Girirajan, Thanu PK and Mason, Michael D},
  journal={Biophysical journal},
  volume={91},
  number={11},
  pages={4258},
  year={2006},
  publisher={The Biophysical Society}
}

@article{rust2006stochastic,
  title={Stochastic optical reconstruction microscopy (STORM) provides sub-diffraction-limit image resolution},
  author={Rust, Michael J and Bates, Mark and Zhuang, Xiaowei},
  journal={Nature methods},
  volume={3},
  number={10},
  pages={793},
  year={2006},
  publisher={NIH Public Access}
}

@article{jouchet2019nanometric,
  title={Nanometric axial localization of single fluorescent molecules with modulated excitation},
  author={Jouchet, Pierre and Cabriel, Cl{\'e}ment and Bourg, Nicolas and Bardou, Marion and Po{\"u}s, Christian and Fort, Emmanuel and L{\'e}v{\^e}que-Fort, Sandrine},
  journal={BioRxiv},
  pages={865865},
  year={2019},
  publisher={Cold Spring Harbor Laboratory}
}

@article{masullo2020pulsed,
  title={Pulsed Interleaved MINFLUX},
  author={Masullo, Luciano A and Steiner, Florian and Zahringer, Jonas and Lopez, Lucia F and Bohlen, Johann and Richter, Lars and Cole, Fiona and Tinnefeld, Philip and Stefani, Fernando D},
  journal={Nano Letters},
  year={2020},
  publisher={ACS Publications}
}

@article{reymond2020modulation,
  title={Modulation-enhanced localization microscopy},
  author={Reymond, Lo{\"\i}c and Huser, Thomas and Ruprecht, Verena and Wieser, Stefan},
  journal={Journal of Physics: Photonics},
  volume={2},
  number={4},
  pages={041001},
  year={2020},
  publisher={IOP Publishing}
}

@article{pape2020multicolor,
  title={Multicolor 3D MINFLUX nanoscopy of mitochondrial MICOS proteins},
  author={Pape, Jasmin K and Stephan, Till and Balzarotti, Francisco and B{\"u}chner, Rebecca and Lange, Felix and Riedel, Dietmar and Jakobs, Stefan and Hell, Stefan W},
  journal={Proceedings of the National Academy of Sciences},
  volume={117},
  number={34},
  pages={20607--20614},
  year={2020},
  publisher={National Acad Sciences}
}

@article{stephan2020micos,
  title={MICOS assembly controls mitochondrial inner membrane remodeling and crista junction redistribution to mediate cristae formation},
  author={Stephan, Till and Br{\"u}ser, Christian and Deckers, Markus and Steyer, Anna M and Balzarotti, Francisco and Barbot, Mariam and Behr, Tiana S and Heim, Gudrun and H{\"u}bner, Wolfgang and Ilgen, Peter and others},
  journal={The EMBO journal},
  volume={39},
  number={14},
  pages={e104105},
  year={2020}
}

@article {Prakash121061,
	author = {Prakash, Kirti},
	title = {Laser-free super-resolution microscopy},
	elocation-id = {121061},
	year = {2020},
	doi = {10.1101/121061},
	publisher = {Cold Spring Harbor Laboratory},
	abstract = {We report that single-molecule superresolution microscopy can be achieved with a conventional epifluorescence microscope setup and a Mercury arc lamp. The configuration termed as laser-free super-resolution microscopy (LFSM), is an extension of single-molecule localisation microscopy (SMLM) techniques and allows single molecules to be switched on and off (a phenomenon termed as "blinking"), detected and localised. The use of a short burst of deep blue excitation (350-380 nm) can be further used to reactivate the blinking, once the blinking process has slowed or stopped. A resolution of 90 nm is achieved on test specimens (mouse and amphibian meiotic chromosomes). Finally, we demonstrate that STED and LFSM can be performed on the same biological sample using a simple imaging medium. It is hoped that this type of correlative imaging will provide a basis for a further enhanced resolution.Competing Interest StatementThe authors have declared no competing interest.},
	URL = {https://www.biorxiv.org/content/early/2020/12/02/121061},
	eprint = {https://www.biorxiv.org/content/early/2020/12/02/121061.full.pdf},
	journal = {bioRxiv}
}


@article{balzarotti2017nanometer,
  title={Nanometer resolution imaging and tracking of fluorescent molecules with minimal photon fluxes},
  author={Balzarotti, Francisco and Eilers, Yvan and Gwosch, Klaus C and Gynn{\aa}, Arvid H and Westphal, Volker and Stefani, Fernando D and Elf, Johan and Hell, Stefan W},
  journal={Science},
  volume={355},
  number={6325},
  pages={606--612},
  year={2017},
  publisher={American Association for the Advancement of Science}
}

@article{loschberger2012super,
  title={Super-resolution imaging visualizes the eightfold symmetry of gp210 proteins around the nuclear pore complex and resolves the central channel with nanometer resolution},
  author={L{\"o}schberger, Anna and van de Linde, Sebastian and Dabauvalle, Marie-Christine and Rieger, Bernd and Heilemann, Mike and Krohne, Georg and Sauer, Markus},
  journal={J Cell Sci},
  volume={125},
  number={3},
  pages={570--575},
  year={2012},
  publisher={The Company of Biologists Ltd}
}

@article{gall1967octagonal,
  title={Octagonal nuclear pores},
  author={Gall, Joseph G},
  journal={The Journal of cell biology},
  volume={32},
  number={2},
  pages={391--399},
  year={1967},
  publisher={Rockefeller University Press}
}

@article{thevathasan2019nuclear,
  title={Nuclear pores as versatile reference standards for quantitative superresolution microscopy},
  author={Thevathasan, Jervis Vermal and Kahnwald, Maurice and Cie{\'s}li{\'n}ski, Konstanty and Hoess, Philipp and Peneti, Sudheer Kumar and Reitberger, Manuel and Heid, Daniel and Kasuba, Krishna Chaitanya and Hoerner, Sarah Janice and Li, Yiming and others},
  journal={Nature methods},
  volume={16},
  number={10},
  pages={1045--1053},
  year={2019},
  publisher={Nature Publishing Group}
}

@article{schermelleh2019super,
  title={Super-resolution microscopy demystified},
  author={Schermelleh, Lothar and Ferrand, Alexia and Huser, Thomas and Eggeling, Christian and Sauer, Markus and Biehlmaier, Oliver and Drummen, Gregor PC},
  journal={Nature cell biology},
  volume={21},
  number={1},
  pages={72--84},
  year={2019},
  publisher={Nature Publishing Group}
}

@article{minsky1988memoir,
  title={Memoir on inventing the confocal scanning microscope},
  author={Minsky, Marvin},
  journal={Scanning},
  volume={10},
  number={4},
  pages={128--138},
  year={1988},
  publisher={Wiley Online Library}
}

@article{cnossen2020localization,
  title={Localization microscopy at doubled precision with patterned illumination},
  author={Cnossen, Jelmer and Hinsdale, Taylor and Thorsen, Rasmus {\O} and Siemons, Marijn and Schueder, Florian and Jungmann, Ralf and Smith, Carlas S and Rieger, Bernd and Stallinga, Sjoerd},
  journal={Nature methods},
  volume={17},
  number={1},
  pages={59--63},
  year={2020},
  publisher={Nature Publishing Group}
}

@misc{baer1999method,
  title={Method and apparatus for improving resolution in scanned optical system},
  author={Baer, Stephen C},
  year={1999},
  month=feb # "~2",
  publisher={Google Patents},
  note={US Patent 5,866,911}
}

@article{hell1994breaking,
  title={Breaking the diffraction resolution limit by stimulated emission: stimulated-emission-depletion fluorescence microscopy},
  author={Hell, Stefan W and Wichmann, Jan},
  journal={Optics letters},
  volume={19},
  number={11},
  pages={780--782},
  year={1994},
  publisher={Optical Society of America}
}

@article{hell1994measurement,
  title={Measurement of the 4Pi-confocal point spread function proves 75 nm axial resolution},
  author={Hell, Stefan W and Lindek, S and Cremer, Christoph and Stelzer, Ernst HK},
  journal={Applied Physics Letters},
  volume={64},
  number={11},
  pages={1335--1337},
  year={1994},
  publisher={American Institute of Physics}
}

@article{hell1994confocal,
  title={Confocal microscopy with an increased detection aperture: type-B 4Pi confocal microscopy},
  author={Hell, Stefan W and Stelzer, Ernst HK and Lindek, Steffen and Cremer, Christoph},
  journal={Optics letters},
  volume={19},
  number={3},
  pages={222--224},
  year={1994},
  publisher={Optical Society of America}
}

@article{sahl2017fluorescence,
  title={Fluorescence nanoscopy in cell biology},
  author={Sahl, Steffen J and Hell, Stefan W and Jakobs, Stefan},
  journal={Nature reviews Molecular cell biology},
  volume={18},
  number={11},
  pages={685},
  year={2017},
  publisher={Nature Publishing Group}
}

@article{rossberger2013combination,
  title={Combination of structured illumination and single molecule localization microscopy in one setup},
  author={Rossberger, Sabrina and Best, Gerrit and Baddeley, David and Heintzmann, Rainer and Birk, Udo and Dithmar, Stefan and Cremer, Christoph},
  journal={Journal of Optics},
  volume={15},
  number={9},
  pages={094003},
  year={2013},
  publisher={IOP Publishing}
}

@article{pape2020multicolor,
  title={Multicolor 3D MINFLUX nanoscopy of mitochondrial MICOS proteins},
  author={Pape, Jasmin K and Stephan, Till and Balzarotti, Francisco and B{\"u}chner, Rebecca and Lange, Felix and Riedel, Dietmar and Jakobs, Stefan and Hell, Stefan W},
  journal={Proceedings of the National Academy of Sciences},
  volume={117},
  number={34},
  pages={20607--20614},
  year={2020},
  publisher={National Acad Sciences}
}

@article{li2018real,
  title={Real-time 3D single-molecule localization using experimental point spread functions},
  author={Li, Yiming and Mund, Markus and Hoess, Philipp and Deschamps, Joran and Matti, Ulf and Nijmeijer, Bianca and Sabinina, Vilma Jimenez and Ellenberg, Jan and Schoen, Ingmar and Ries, Jonas},
  journal={Nature methods},
  volume={15},
  number={5},
  pages={367--369},
  year={2018},
  publisher={Nature Publishing Group}
}

@article{gustafsson2000surpassing,
  title={Surpassing the lateral resolution limit by a factor of two using structured illumination microscopy},
  author={Gustafsson, Mats GL},
  journal={Journal of microscopy},
  volume={198},
  number={2},
  pages={82--87},
  year={2000},
  publisher={Wiley Online Library}
}

@article{betzig2006imaging,
  title={Imaging intracellular fluorescent proteins at nanometer resolution},
  author={Betzig, Eric and Patterson, George H and Sougrat, Rachid and Lindwasser, O Wolf and Olenych, Scott and Bonifacino, Juan S and Davidson, Michael W and Lippincott-Schwartz, Jennifer and Hess, Harald F},
  journal={Science},
  volume={313},
  number={5793},
  pages={1642--1645},
  year={2006},
  publisher={American Association for the Advancement of Science}
}

@article{denk1990two,
  title={Two-photon laser scanning fluorescence microscopy},
  author={Denk, Winfried and Strickler, James H and Webb, Watt W},
  journal={Science},
  volume={248},
  number={4951},
  pages={73--76},
  year={1990},
  publisher={American Association for the Advancement of Science}
}

@inproceedings{heintzmann1999laterally,
  title={Laterally modulated excitation microscopy: improvement of resolution by using a diffraction grating},
  author={Heintzmann, Rainer and Cremer, Christoph G},
  booktitle={Optical Biopsies and Microscopic Techniques III},
  volume={3568},
  pages={185--196},
  year={1999},
  organization={International Society for Optics and Photonics}
}

@article{lidke2005superresolution,
  title={Superresolution by localization of quantum dots using blinking statistics},
  author={Lidke, Keith A and Rieger, Bernd and Jovin, Thomas M and Heintzmann, Rainer},
  journal={Optics express},
  volume={13},
  number={18},
  pages={7052--7062},
  year={2005},
  publisher={Optical Society of America}
}

@article{prakash2019high,
  title={High-density superresolution microscopy with an incoherent light source and a conventional epifluorescence microscope setup},
  author={Prakash, Kirti},
  journal={bioRxiv},
  pages={121061},
  year={2019},
  publisher={Cold Spring Harbor Laboratory}
}





